@book{Council2014Convergence:,
	publisher={National Academies Press},
	title={Convergence: Facilitating transdisciplinary integration of life sciences, physical sciences, engineering, and beyond},
	author={Council, National Research and others},
	date=2014,
	year=2014,
}
@book{Stokes2011Pasteur's,
	publisher={Brookings Institution Press},
	title={Pasteur's quadrant: Basic science and technological innovation},
	author={Stokes, Donald E},
	date=2011,
	year=2011,
}
@article{Rittel1973Dilemmas,
	journal={Policy sciences},
	number=2,
	note={publisher: Springer},
	title={Dilemmas in a general theory of planning},
	volume=4,
	author={Rittel, Horst WJ and Webber, Melvin M},
	pages={155–169},
	date=1973,
	year=1973,
}
@inproceedings{Keim1997Visual,
	journal={Very Large Databases (VLDB'97)},
	title={Visual data mining},
	author={Keim, Daniel A},
	date=1997,
	year=1997,
}
@techreport{Bertin1983Semiology,
	title={Semiology of graphics; diagrams networks maps},
	author={Bertin, Jacques},
	date=1983,
	year=1983,
}
@article{Wilkinson2005grammar,
	journal={Springer-Verlag, New York, USA},
	title={The grammar of graphics. 690 p},
	volume=37,
	author={Wilkinson, L},
	pages={1975–1982},
	date=2005,
	year=2005,
}
@article{Wong1999Visual,
	journal={IEEE Computer Graphics and Applications},
	number=5,
	note={publisher: IEEE},
	title={Visual data mining},
	volume=19,
	author={Wong, Pak Chung},
	pages={20–21},
	date=1999,
	year=1999,
}
@article{Pak Chung Wong2004Visual,
	journal={IEEE Computer Graphics and Applications},
	doi={10.1109/MCG.2004.39},
	issn={0272-1716, 1558-1756},
	number=5,
	title={Visual Analytics},
	volume=24,
	author={Pak Chung Wong and Thomas, J.},
	pages={20--21},
	date={2004-09},
	year=2004,
	month=9,
}
@techreport{Cook2005Illuminating,
	publisher={Pacific Northwest National Lab.(PNNL), Richland, WA (United States)},
	title={Illuminating the path: The research and development agenda for visual analytics},
	author={Cook, Kristin A and Thomas, James J},
	date=2005,
	year=2005,
}
@article{Thomas2006Visual,
	journal={IEEE Comput. Graph. Appl.},
	doi={10.1109/MCG.2006.5},
	issn={0272-1716},
	number=1,
	note={publisher-place: Washington, DC, USA
publisher: IEEE Computer Society Press},
	title={A Visual Analytics Agenda},
	volume=26,
	author={Thomas, James J. and Cook, Kristin A.},
	pages={10–13},
	date={2006-01},
	year=2006,
	month=1,
}
@misc{Chapter,
	language={en-US},
	title={Chapter 2 – Visual Analytics - VisMaster},
	url={https://www.vismaster.eu/book/chapter-2-visual-analytics/},
	note={[Online; accessed 2021-03-14]},
}
@article{Papanikolaou2003Personalizing,
	journal={User modeling and user-adapted interaction},
	number=3,
	note={publisher: Springer},
	title={Personalizing the Interaction in a Web-based Educational Hypermedia System: the case of INSPIRE},
	volume=13,
	author={Papanikolaou, Kyparisia A and Grigoriadou, Maria and Kornilakis, Harry and Magoulas, George D},
	pages={213–267},
	date=2003,
	year=2003,
}
@inproceedings{Gorg2007Visual,
	journal={2007 IEEE Symposium on Visual Analytics Science and Technology},
	publisher={IEEE},
	title={Visual analytics with Jigsaw},
	author={Gorg, Carsten and Liu, Zhicheng and Parekh, Neel and Singhal, Kanupriya and Stasko, John},
	pages={201–202},
	date=2007,
	year=2007,
}
@article{Stasko2008Jigsaw:,
	journal={Information visualization},
	number=2,
	note={publisher: SAGE Publications Sage UK: London, England},
	title={Jigsaw: supporting investigative analysis through interactive visualization},
	volume=7,
	author={Stasko, John and Görg, Carsten and Liu, Zhicheng},
	pages={118–132},
	date=2008,
	year=2008,
}
@inproceedings{Maciejewski2007Lahva:,
	journal={2007 IEEE Symposium on Visual Analytics Science and Technology},
	publisher={IEEE},
	title={Lahva: Linked animal-human health visual analytics},
	author={Maciejewski, Ross and Tyner, Benjamin and Jang, Yun and Zheng, Cheng and Nehme, Rimma V and Ebert, David S and Cleveland, William S and Ouzzani, Mourad and Grannis, Shaun J and Glickman, Lawrence T},
	pages={27–34},
	date=2007,
	year=2007,
}
@inproceedings{Snyder2021PanViz,
	journal={Proceedings of the 54th Hawaii International Conference on System Sciences},
	title={PanViz 2.0: Intregating AI into Visual analytics to adapt to the novel challenges of COVID-19},
	author={Snyder, Luke and Reinert, Audrey and Ebert, David},
	pages=1457,
	date=2021,
	year=2021,
}
@article{Reinert2020Visual,
	journal={Computing in Science & Engineering},
	number=6,
	note={publisher: IEEE},
	title={Visual Analytics for Decision-Making During Pandemics},
	volume=22,
	author={Reinert, Audrey and Snyder, Luke S and Zhao, Jieqiong and Fox, Andrew S and Hougen, Dean F and Nicholson, Charles and Ebert, David S},
	pages={48–59},
	date=2020,
	year=2020,
}
@article{Karimzadeh2020Human-guided,
	note={publisher: American Psychological Association},
	title={Human-guided visual analytics for big data.},
	author={Karimzadeh, Morteza and Zhao, Jieqiong and Wang, Guizhen and Snyder, Luke S and Ebert, David S},
	date=2020,
	year=2020,
}
@inproceedings{Malik2010Visual,
	journal={2010 IEEE International Conference on Technologies for Homeland Security (HST)},
	publisher={IEEE},
	title={Visual analytics law enforcement toolkit},
	author={Malik, Abish and Maciejewski, Ross and Collins, Timothy F and Ebert, David S},
	pages={222–228},
	date=2010,
	year=2010,
}
@article{Kapler2005GeoTime,
	journal={Information Visualization},
	doi={10.1057/palgrave.ivs.9500097},
	issn={1473-8716, 1473-8724},
	number=2,
	language={en},
	title={GeoTime Information Visualization},
	volume=4,
	author={Kapler, Thomas and Wright, William},
	pages={136--146},
	date={2005-06},
	year=2005,
	month=6,
}
@inproceedings{MacEachren2011Senseplace2:,
	journal={2011 IEEE conference on visual analytics science and technology (VAST)},
	publisher={IEEE},
	title={Senseplace2: Geotwitter analytics support for situational awareness},
	author={MacEachren, Alan M and Jaiswal, Anuj and Robinson, Anthony C and Pezanowski, Scott and Savelyev, Alexander and Mitra, Prasenjit and Zhang, Xiao and Blanford, Justine},
	pages={181–190},
	date=2011,
	year=2011,
}
@article{Robinson2005Combining,
	journal={Cartography and Geographic Information Science},
	number=4,
	note={publisher: Taylor & Francis},
	title={Combining usability techniques to design geovisualization tools for epidemiology},
	volume=32,
	author={Robinson, Anthony C and Chen, Jin and Lengerich, Eugene J and Meyer, Hans G and MacEachren, Alan M},
	pages={243–255},
	date=2005,
	year=2005,
}
@inproceedings{Roth2010user-centered,
	journal={Proceedings of GIScience},
	publisher={Citeseer},
	title={A user-centered approach for designing and developing spatiotemporal crime analysis tools},
	volume=15,
	author={Roth, Robert E and Ross, Kevin S and Finch, Benjamin G and Luo, Wei and MacEachren, Alan M},
	date=2010,
	year=2010,
}
@article{Roth2015User-centered,
	journal={ISPRS International Journal of Geo-Information},
	number=1,
	note={publisher: Multidisciplinary Digital Publishing Institute},
	title={User-centered design for interactive maps: A case study in crime analysis},
	volume=4,
	author={Roth, Robert E and Ross, Kevin S and MacEachren, Alan M},
	pages={262–301},
	date=2015,
	year=2015,
}
@inproceedings{Ziegler2008Visual,
	journal={2008 12th International Conference Information Visualisation},
	organization={2008 12th International Conference Information Visualisation (IV)},
	doi={10.1109/IV.2008.80},
	isbn={978-0-7695-3268-4},
	publisher={IEEE},
	address={London, UK},
	title={Visual Analytics on the Financial Market: Pixel-based Analysis and Comparison of Long-Term Investments},
	url={http://ieeexplore.ieee.org/document/4577961/},
	author={Ziegler, Hartmut and Nietzschmann, Tilo and Keim, Daniel A.},
	note={[Online; accessed 2021-03-14]},
	pages={287--295},
	date={2008-07},
	year=2008,
	month=7,
}
@inproceedings{Chang2007Wirevis:,
	journal={2007 IEEE Symposium on Visual Analytics Science and Technology},
	publisher={IEEE},
	title={Wirevis: Visualization of categorical, time-varying data from financial transactions},
	author={Chang, Remco and Ghoniem, Mohammad and Kosara, Robert and Ribarsky, William and Yang, Jing and Suma, Evan and Ziemkiewicz, Caroline and Kern, Daniel and Sudjianto, Agus},
	pages={155–162},
	date=2007,
	year=2007,
}
@article{Stolte2002Polaris:,
	journal={IEEE Transactions on Visualization and Computer Graphics},
	number=1,
	note={publisher: IEEE},
	title={Polaris: A system for query, analysis, and visualization of multidimensional relational databases},
	volume=8,
	author={Stolte, Chris and Tang, Diane and Hanrahan, Pat},
	pages={52–65},
	date=2002,
	year=2002,
}
@article{Cui2019Visual,
	journal={IEEE Access},
	note={publisher: IEEE},
	title={Visual analytics: A comprehensive overview},
	volume=7,
	author={Cui, Wenqiang},
	pages={81555–81573},
	date=2019,
	year=2019,
}
@article{Akpan2021Multiple,
	journal={International Transactions in Operational Research},
	note={publisher: Wiley Online Library},
	title={Multiple criteria analysis of the popularity and growth of research and practice of visual analytics, and a forecast of the future trajectory},
	author={Akpan, Ikpe Justice and Akpan, Asuama A},
	date=2021,
	year=2021,
}
@article{Malik2014Proactive,
	journal={IEEE transactions on visualization and computer graphics},
	number=12,
	note={publisher: IEEE},
	title={Proactive spatiotemporal resource allocation and predictive visual analytics for community policing and law enforcement},
	volume=20,
	author={Malik, Abish and Maciejewski, Ross and Towers, Sherry and McCullough, Sean and Ebert, David S},
	pages={1863–1872},
	date=2014,
	year=2014,
}
@article{Habeeb2005Determining,
	journal={Ecological Monographs},
	number=4,
	note={publisher: Wiley Online Library},
	title={Determining natural scales of ecological systems},
	volume=75,
	author={Habeeb, Rebecca L and Trebilco, Jessica and Wotherspoon, Simon and Johnson, Craig R},
	pages={467–487},
	date=2005,
	year=2005,
}
@article{Liu2020Boba:,
	journal={IEEE Transactions on Visualization and Computer Graphics},
	note={publisher: IEEE},
	title={Boba: Authoring and visualizing multiverse analyses},
	author={Liu, Yang and Kale, Alex and Althoff, Tim and Heer, Jeffrey},
	date=2020,
	year=2020,
}
@inproceedings{Wall2019Toward,
	journal={2019 IEEE Visualization Conference (VIS)},
	publisher={IEEE},
	title={Toward a Design Space for Mitigating Cognitive Bias in Vis},
	author={Wall, Emily and Stasko, John and Endert, Alex},
	pages={111–115},
	date=2019,
	year=2019,
}
@article{Licklider1960Man-computer,
	journal={IRE transactions on human factors in electronics},
	number=1,
	note={publisher: IEEE},
	title={Man-computer symbiosis},
	author={Licklider, Joseph CR},
	pages={4–11},
	date=1960,
	year=1960,
}
@article{Körber2018Introduction,
	journal={Applied ergonomics},
	note={publisher: Elsevier},
	title={Introduction matters: Manipulating trust in automation and reliance in automated driving},
	volume=66,
	author={Körber, Moritz and Baseler, Eva and Bengler, Klaus},
	pages={18–31},
	date=2018,
	year=2018,
}
@article{Abbass2019Social,
	journal={Cognitive Computation},
	number=2,
	note={publisher: Springer},
	title={Social integration of artificial intelligence: functions, automation allocation logic and human-autonomy trust},
	volume=11,
	author={Abbass, Hussein A},
	pages={159–171},
	date=2019,
	year=2019,
}
@article{Rai2020Explainable,
	journal={Journal of the Academy of Marketing Science},
	number=1,
	note={publisher: Springer},
	title={Explainable AI: From black box to glass box},
	volume=48,
	author={Rai, Arun},
	pages={137–141},
	date=2020,
	year=2020,
}
@article{Gunning2017Explainable,
	journal={Defense Advanced Research Projects Agency (DARPA), nd Web},
	title={Explainable artificial intelligence (xai)},
	volume=2,
	author={Gunning, David},
	pages=2,
	date=2017,
	year=2017,
}
@inproceedings{Fails2003Interactive,
	journal={Proceedings of the 8th international conference on Intelligent user interfaces},
	title={Interactive machine learning},
	author={Fails, Jerry Alan and Olsen Jr, Dan R},
	pages={39–45},
	date=2003,
	year=2003,
}
@article{Amershi2014Power,
	journal={Ai Magazine},
	number=4,
	title={Power to the people: The role of humans in interactive machine learning},
	volume=35,
	author={Amershi, Saleema and Cakmak, Maya and Knox, William Bradley and Kulesza, Todd},
	pages={105–120},
	date=2014,
	year=2014,
}
@inproceedings{Cook2015Mixed-initiative,
	journal={2015 IEEE Conference on Visual Analytics Science and Technology (VAST)},
	organization={2015 IEEE Conference on Visual Analytics Science and Technology (VAST)},
	doi={10.1109/VAST.2015.7347625},
	isbn={978-1-4673-9783-4},
	publisher={IEEE},
	address={Chicago, IL, USA},
	title={Mixed-initiative visual analytics using task-driven recommendations},
	url={http://ieeexplore.ieee.org/document/7347625/},
	author={Cook, Kristin and Cramer, Nick and Israel, David and Wolverton, Michael and Bruce, Joe and Burtner, Russ and Endert, Alex},
	note={[Online; accessed 2020-01-30]},
	pages={9--16},
	date={2015-10},
	year=2015,
	month=10,
}
@article{Wall2017Podium:,
	journal={IEEE transactions on visualization and computer graphics},
	number=1,
	note={publisher: IEEE},
	title={Podium: Ranking data using mixed-initiative visual analytics},
	volume=24,
	author={Wall, Emily and Das, Subhajit and Chawla, Ravish and Kalidindi, Bharath and Brown, Eli T and Endert, Alex},
	pages={288–297},
	date=2017,
	year=2017,
}
@article{Coscia2020Toward,
	journal={arXiv preprint arXiv:2011.09988},
	title={Toward a Bias-Aware Future for Mixed-Initiative Visual Analytics},
	author={Coscia, Adam and Chau, Duen Horng and Endert, Alex},
	date=2020,
	year=2020,
}
@inproceedings{Canan2020Countering,
	journal={ICCWS 2020 15th International Conference on Cyber Warfare and Security},
	publisher={Academic Conferences and publishing limited},
	title={Countering Disinformation Propaganda: Reverse Engineering the Experimental Implicit Learning Paradigm},
	author={Canan, Mustafa and Canan, Daphne},
	pages=92,
	date=2020,
	year=2020,
}
@book{VanDam2019Learning,
	publisher={Michigan State University},
	title={Learning Algorithms for Detecting Disinformation on Social Media},
	author={VanDam, Courtland},
	date=2019,
	year=2019,
}
@article{Snyder2019Interactive,
	journal={IEEE Transactions on Visualization and Computer Graphics},
	doi={10.1109/TVCG.2019.2934614},
	issn={1077-2626, 1941-0506, 2160-9306},
	title={Interactive Learning for Identifying Relevant Tweets to Support Real-time Situational Awareness},
	author={Snyder, Luke S. and Lin, Yi-Shan and Karimzadeh, Morteza and Goldwasser, Dan and Ebert, David S.},
	pages={1--1},
	date=2019,
	year=2019,
}
@article{Elmqvist2011Fluid,
	journal={Information Visualization},
	number=4,
	note={publisher: Sage Publications Sage UK: London, England},
	title={Fluid interaction for information visualization},
	volume=10,
	author={Elmqvist, Niklas and Moere, Andrew Vande and Jetter, Hans-Christian and Cernea, Daniel and Reiterer, Harald and Jankun-Kelly, TJ},
	pages={327–340},
	date=2011,
	year=2011,
}
@inproceedings{Endert2012Semantic,
	journal={Proceedings of the 2012 ACM annual conference on Human Factors in Computing Systems - CHI '12},
	organization={the 2012 ACM annual conference},
	doi={10.1145/2207676.2207741},
	isbn={978-1-4503-1015-4},
	language={en},
	publisher={ACM Press},
	address={Austin, Texas, USA},
	title={Semantic interaction for visual text analytics},
	url={http://dl.acm.org/citation.cfm?doid=2207676.2207741},
	author={Endert, Alex and Fiaux, Patrick and North, Chris},
	note={[Online; accessed 2020-01-30]},
	pages=473,
	date=2012,
	year=2012,
}

